@comment{x-kbibtex-personnameformatting=<%l><, %f>}

@manual{GNUR,
	address = "Vienna, Austria",
	author = "{R Core Team}",
	note = "{ISBN} 3-900051-07-0",
	organization = "R Foundation for Statistical Computing",
	title = "{R: A Language and Environment for Statistical Computing}",
	url = "http://www.r-project.org",
	year = "2012"
}

@article{GNUR-FAQ,
	author = "Hornik, Kurt",
	howpublished = "http://CRAN.R-project.org/doc/FAQ/R-FAQ.html",
	title = "{The {R} {FAQ}}",
	year = "2013"
}

@book{Murrell2005,
	author = "Murrell, P.",
	isbn = "9781584884866",
	lccn = "20054627",
	publisher = "Taylor \& Francis",
	series = "{Chapman \&Hall/CRC The R Series}",
	title = "{R Graphics}",
	url = "http://books.google.ca/books?id=Elu6zp4E9qAC",
	year = "2005"
}

